@misc{Ferdinand2021doublecone,
  author = {Ferdinand Limburg},
  title  = {FLG's Approach - Deep Reinforcement Learning with a Focus on Performance - 4th place},
  note   = {Kaggle discussion: \url{https://www.kaggle.com/competitions/lux-ai-season-2/discussion/406702}},
  year   = {2023}
}