@article{DBLP:journals/corr/MnihKSGAWR13,
  author  = {Volodymyr Mnih and
             Koray Kavukcuoglu and
             David Silver and
             Alex Graves and
             Ioannis Antonoglou and
             Daan Wierstra and
             Martin A. Riedmiller},
  title   = {Playing Atari with Deep Reinforcement Learning},
  journal = {CoRR},
  volume  = {abs/1312.5602},
  year    = {2013}
}

@article{Ontañón_Barriga_Silva_Moraes_Lelis_2018,
  author  = {Santiago Onta{\~{n}}{\'{o}}n and
             Nicolas A. Barriga and
             Cleyton R. Silva and
             Rubens O. Moraes and
             Levi H. S. Lelis},
  title   = {The First microRTS Artificial Intelligence Competition},
  journal = {{AI} Mag.},
  volume  = {39},
  number  = {1},
  pages   = {75--83},
  year    = {2018}
}

@inproceedings{DBLP:journals/corr/LillicrapHPHETS15,
  author    = {Timothy P. Lillicrap and
               Jonathan J. Hunt and
               Alexander Pritzel and
               Nicolas Heess and
               Tom Erez and
               Yuval Tassa and
               David Silver and
               Daan Wierstra},
  title     = {Continuous control with deep reinforcement learning},
  booktitle = {{ICLR} (Poster)},
  year      = {2016}
}

@article{Vinyals2019GrandmasterLI,
  author  = {Oriol Vinyals and
             Igor Babuschkin and
             Wojciech M. Czarnecki and
             Micha{\"{e}}l Mathieu and
             Andrew Dudzik and
             Junyoung Chung and
             David H. Choi and
             Richard Powell and
             Timo Ewalds and
             Petko Georgiev and
             Junhyuk Oh and
             Dan Horgan and
             Manuel Kroiss and
             Ivo Danihelka and
             Aja Huang and
             Laurent Sifre and
             Trevor Cai and
             John P. Agapiou and
             Max Jaderberg and
             Alexander Sasha Vezhnevets and
             R{\'{e}}mi Leblond and
             Tobias Pohlen and
             Valentin Dalibard and
             David Budden and
             Yury Sulsky and
             James Molloy and
             Tom Le Paine and
             {\c{C}}aglar G{\"{u}}l{\c{c}}ehre and
             Ziyu Wang and
             Tobias Pfaff and
             Yuhuai Wu and
             Roman Ring and
             Dani Yogatama and
             Dario W{\"{u}}nsch and
             Katrina McKinney and
             Oliver Smith and
             Tom Schaul and
             Timothy P. Lillicrap and
             Koray Kavukcuoglu and
             Demis Hassabis and
             Chris Apps and
             David Silver},
  title   = {Grandmaster level in StarCraft {II} using multi-agent reinforcement
             learning},
  journal = {Nat.},
  volume  = {575},
  number  = {7782},
  pages   = {350--354},
  year    = {2019}
}

@inproceedings{DBLP:conf/aiide/Ontanon13,
  author    = {Santiago Onta{\~{n}}{\'{o}}n},
  title     = {The Combinatorial Multi-Armed Bandit Problem and Its Application to
               Real-Time Strategy Games},
  booktitle = {{AIIDE}},
  publisher = {{AAAI}},
  year      = {2013}
}

@article{DBLP:journals/corr/abs-2105-13807,
  author  = {Shengyi Huang and
             Santiago Onta{\~{n}}{\'{o}}n and
             Chris Bamford and
             Lukasz Grela},
  title   = {Gym-{\(\mu\)}RTS: Toward Affordable Full Game Real-time Strategy Games
             Research with Deep Reinforcement Learning},
  journal = {CoRR},
  volume  = {abs/2105.13807},
  year    = {2021}
}

@article{DBLP:journals/corr/SchulmanWDRK17,
  author  = {John Schulman and
             Filip Wolski and
             Prafulla Dhariwal and
             Alec Radford and
             Oleg Klimov},
  title   = {Proximal Policy Optimization Algorithms},
  journal = {CoRR},
  volume  = {abs/1707.06347},
  year    = {2017}
}

@article{DBLP:journals/corr/abs-2203-11912,
  author    = {Leandro C. Medeiros and
               David S. Aleixo and
               Levi H. S. Lelis},
  title     = {What Can We Learn Even from the Weakest? Learning Sketches for Programmatic
               Strategies},
  booktitle = {{AAAI}},
  pages     = {7761--7769},
  publisher = {{AAAI} Press},
  year      = {2022}
}

@inproceedings{DBLP:conf/icml/HanSDXWSLZ19,
  author    = {Lei Han and
               Peng Sun and
               Yali Du and
               Jiechao Xiong and
               Qing Wang and
               Xinghai Sun and
               Han Liu and
               Tong Zhang},
  title     = {Grid-Wise Control for Multi-Agent Reinforcement Learning in Video
               Game {AI}},
  booktitle = {{ICML}},
  series    = {Proceedings of Machine Learning Research},
  volume    = {97},
  pages     = {2576--2585},
  publisher = {{PMLR}},
  year      = {2019}
}

@misc{lux-ai-2021-winner,
  author       = {Isaiah Pressman and Liam Kirwin and Robert Sturrock},
  title        = {Kaggle Lux AI 2021},
  year         = {2021},
  publisher    = {GitHub},
  journal      = {GitHub repository},
  howpublished = {\url{https://github.com/IsaiahPressman/Kaggle\_Lux\_AI\_2021}},
  commit       = {973a6c6c63211b6c7ab6fdf50e026e458d1f6e4e}
}

@misc{lux-ai-season-2,
  author    = {Stone Tao, Isabelle Pan, Bovard Doerschuk-Tiberi, Addison Howard},
  title     = {Lux AI Season 2},
  publisher = {Kaggle},
  year      = {2023},
  url       = {https://kaggle.com/competitions/lux-ai-season-2}
}

@misc{Ferdinand2021doublecone,
  author = {Ferdinand Limburg},
  title  = {FLG's Approach - Deep Reinforcement Learning with a Focus on Performance - 4th place},
  note   = {Kaggle discussion: \url{https://www.kaggle.com/competitions/lux-ai-season-2/discussion/406702}},
  year   = {2023}
}

@misc{Winter2021,
  author = {Clemens Winter},
  title  = {Mastering Real-Time Strategy Games with Deep Reinforcement Learning: Mere Mortal Edition},
  year   = {2021},
  url    = {https://clemenswinter.com/2021/03/24/mastering-real-time-strategy-games-with-deep-reinforcement-learning},
  note   = {Accessed: 2023-07-16}
}

@misc{Winter2023,
  author = {Clemens Winter},
  title  = {Entity-Based Reinforcement Learning},
  year   = {2023},
  url    = {https://clemenswinter.com/2023/04/14/entity-based-reinforcement-learning/},
  note   = {Accessed: 2024-02-27}
}

@article{DBLP:journals/corr/abs-2006-14171,
  author  = {Shengyi Huang and
             Santiago Onta{\~{n}}{\'{o}}n},
  title   = {A Closer Look at Invalid Action Masking in Policy Gradient Algorithms},
  journal = {CoRR},
  volume  = {abs/2006.14171},
  year    = {2020}
}

@inproceedings{DBLP:journals/corr/SchulmanMLJA15,
  author    = {John Schulman and
               Philipp Moritz and
               Sergey Levine and
               Michael I. Jordan and
               Pieter Abbeel},
  title     = {High-Dimensional Continuous Control Using Generalized Advantage Estimation},
  booktitle = {{ICLR} (Poster)},
  year      = {2016}
}

@inproceedings{DBLP:conf/ijcai/MoraesAFL23,
  author    = {Rubens O. Moraes and
               David S. Aleixo and
               Lucas N. Ferreira and
               Levi H. S. Lelis},
  title     = {Choosing Well Your Opponents: How to Guide the Synthesis of Programmatic
               Strategies},
  booktitle = {{IJCAI}},
  pages     = {4847--4854},
  publisher = {ijcai.org},
  year      = {2023}
}

@inproceedings{DBLP:conf/icml/MnihBMGLHSK16,
  author    = {Volodymyr Mnih and
               Adri{\`{a}} Puigdom{\`{e}}nech Badia and
               Mehdi Mirza and
               Alex Graves and
               Timothy P. Lillicrap and
               Tim Harley and
               David Silver and
               Koray Kavukcuoglu},
  title     = {Asynchronous Methods for Deep Reinforcement Learning},
  booktitle = {{ICML}},
  series    = {{JMLR} Workshop and Conference Proceedings},
  volume    = {48},
  pages     = {1928--1937},
  publisher = {JMLR.org},
  year      = {2016}
}

@inproceedings{DBLP:conf/icml/UchenduX0ZYSBFM23,
  author    = {Ikechukwu Uchendu and
               Ted Xiao and
               Yao Lu and
               Banghua Zhu and
               Mengyuan Yan and
               Jos{\'{e}}phine Simon and
               Matthew Bennice and
               Chuyuan Fu and
               Cong Ma and
               Jiantao Jiao and
               Sergey Levine and
               Karol Hausman},
  title     = {Jump-Start Reinforcement Learning},
  booktitle = {{ICML}},
  series    = {Proceedings of Machine Learning Research},
  volume    = {202},
  pages     = {34556--34583},
  publisher = {{PMLR}},
  year      = {2023}
}

@inproceedings{DBLP:conf/icml/EspeholtSMSMWDF18,
  author    = {Lasse Espeholt and
               Hubert Soyer and
               R{\'{e}}mi Munos and
               Karen Simonyan and
               Volodymyr Mnih and
               Tom Ward and
               Yotam Doron and
               Vlad Firoiu and
               Tim Harley and
               Iain Dunning and
               Shane Legg and
               Koray Kavukcuoglu},
  title     = {{IMPALA:} Scalable Distributed Deep-RL with Importance Weighted Actor-Learner
               Architectures},
  booktitle = {{ICML}},
  series    = {Proceedings of Machine Learning Research},
  volume    = {80},
  pages     = {1406--1415},
  publisher = {{PMLR}},
  year      = {2018}
}

@incollection{DBLP:books/sp/12/Lazaric12,
  author       = {Alessandro Lazaric},
  editor       = {Marco A. Wiering and
                  Martijn van Otterlo},
  title        = {Transfer in Reinforcement Learning: {A} Framework and a Survey},
  booktitle    = {Reinforcement Learning},
  series       = {Adaptation, Learning, and Optimization},
  volume       = {12},
  pages        = {143--173},
  publisher    = {Springer},
  year         = {2012},
  url          = {https://doi.org/10.1007/978-3-642-27645-3\_5},
  doi          = {10.1007/978-3-642-27645-3\_5},
  timestamp    = {Tue, 29 Dec 2020 18:14:51 +0100},
  biburl       = {https://dblp.org/rec/books/sp/12/Lazaric12.bib},
  bibsource    = {dblp computer science bibliography, https://dblp.org}
}